<record><leader>00000cas a2200000 a 4500</leader><controlfield tag="001">8178595</controlfield><controlfield tag="008">820222d18441844vauwr ne      0    0eng  </controlfield><datafield ind1=" " ind2=" " tag="010"><subfield code="a">sn 94060069 </subfield></datafield><datafield ind1=" " ind2=" " tag="040"><subfield code="a">DLC</subfield><subfield code="b">eng</subfield><subfield code="c">VIC</subfield><subfield code="d">VIC</subfield><subfield code="d">NVK</subfield><subfield code="d">CVF</subfield><subfield code="d">OCL</subfield><subfield code="d">NVK</subfield><subfield code="d">OCLCQ</subfield><subfield code="d">OCLCF</subfield><subfield code="d">OCLCO</subfield></datafield><datafield ind1=" " ind2=" " tag="042"><subfield code="a">pcc</subfield></datafield><datafield ind1=" " ind2=" " tag="043"><subfield code="a">n-us-va</subfield></datafield><datafield ind1=" " ind2="4" tag="050"><subfield code="a">E400</subfield><subfield code="b">.R38</subfield></datafield><datafield ind1="0" ind2=" " tag="082"><subfield code="a">329.01</subfield></datafield><datafield ind1="0" ind2=" " tag="130"><subfield code="a">Republican sentinel (Richmond, Va. : 1844)</subfield></datafield><datafield ind1="1" ind2="0" tag="245"><subfield code="a">Republican sentinel.</subfield></datafield><datafield ind1=" " ind2=" " tag="260"><subfield code="a">Richmond, Va. :</subfield><subfield code="b">W.F. Ritchie,</subfield><subfield code="c">1844.</subfield></datafield><datafield ind1=" " ind2=" " tag="310"><subfield code="a">Weekly</subfield></datafield><datafield ind1="0" ind2=" " tag="362"><subfield code="a">Vol. 1, no. 1 (Mar. 16, 1844)- ; -no. 34 (Oct. 30, 1844).</subfield></datafield><datafield ind1=" " ind2=" " tag="500"><subfield code="a">W.F. Ritchie, editor.</subfield></datafield><datafield ind1=" " ind2=" " tag="500"><subfield code="a">"Devoted to the support of the rights of the Union, of the states and of the people, as defined by strict construction of the written Constitution."</subfield></datafield><datafield ind1=" " ind2=" " tag="500"><subfield code="a">Campaign paper (Polk vs Clay).</subfield></datafield><datafield ind1=" " ind2=" " tag="500"><subfield code="a">Democrat.</subfield></datafield><datafield ind1=" " ind2="0" tag="651"><subfield code="a">Richmond (Va.)</subfield><subfield code="v">Newspapers.</subfield></datafield><datafield ind1=" " ind2="7" tag="655"><subfield code="a">Newspapers.</subfield><subfield code="2">fast</subfield><subfield code="0">(OCoLC)fst01423814</subfield></datafield><datafield ind1=" " ind2="7" tag="651"><subfield code="a">Virginia</subfield><subfield code="z">Richmond.</subfield><subfield code="2">fast</subfield><subfield code="0">(OCoLC)fst01205345</subfield></datafield><datafield ind1=" " ind2=" " tag="752"><subfield code="a">United States</subfield><subfield code="b">Virginia</subfield><subfield code="d">Richmond.</subfield></datafield></record>